@BOOK{Afanasyev92,
author = "Афанасьев, В. В. and Василевский, О. Н.",
title = "Расчеты электрических цепей
на программируемых микрокалькуляторах",
address = "М.",
publisher = "Энергоиздат",
year = 1992,
numpages = 190,
language = "russian"
}
 
@BOOK{Vasylenko92,
author = "Василенко, М. В.",
title = "Теорiя коливань: Навчальний посiбник",
address = "К.",
publisher = "Вища школа",
year = 1992,
numpages = 430,
language = "ukrainian"
}
 
@MISC{doe:website,
      AUTHOR = "John Doe",
      TITLE = "the website title",
      MONTH = feb,
      YEAR = 2011,
      NOTE = "url{http://whereever/file.ext}"
}

@MISC{web:makeingsimpleGA,
      AUTHOR = "80.250.188.26",
      TITLE = "Разработка простого генетического алгоритма",
      YEAR = 2007,
      NOTE = "url{http://www.wikiznanie.ru/ru-wz/index.php/%D0%A0%D0%B0%D0%B7%D1%80%D0%B0%D0%B1%D0%BE%D1%82%D0%BA%D0%B0_%D0%BF%D1%80%D0%BE%D1%81%D1%82%D0%BE%D0%B3%D0%BE_%D0%B3%D0%B5%D0%BD%D0%B5%D1%82%D0%B8%D1%87%D0%B5%D1%81%D0%BA%D0%BE%D0%B3%D0%BE_%D0%B0%D0%BB%D0%B3%D0%BE%D1%80%D0%B8%D1%82%D0%BC%D0%B0}"
}
 
@MISC{web:GrayCode,
      TITLE = "Код Грея",
      NOTE = "url{http://ru.wikipedia.org/wiki/%D0%9A%D0%BE%D0%B4_%D0%93%D1%80%D0%B5%D1%8F}"
}
 
@MISC{web:OptimalCoding,
      AUTHOR = "Савчук, В. Л.",
      TITLE = "Оптимальное кодирование",
      NOTE = "url{http://www.ie.tusur.ru/books/COI/page_07.htm}"
}